@book{Goodfellow-et-al-2016,
    title={Deep Learning},
    author={Ian Goodfellow and Yoshua Bengio and Aaron Courville},
    publisher={MIT Press},
    note={\url{http://www.deeplearningbook.org}},
    year={2016}
}

@book{IPSUR-2010,
    title={Introduction to Probability and Statistics Using R},
    author={G. Jay Kerns, Youngstown State University},
    publisher={G. Jay Kerns},
    note={\url{http://ipsur.org/index.html}},
    year={2010}
}

@book{RP-Babatunde-2009,
    title={Random Phenomena: Fundamentals of Probability and Statistics for Engineers},
    author={Babatunde A. Ogunnaike},
    publisher={CRC Press},
    year={2009}
}

@misc{ONLINE-1,
  title = {distinguishing probability measure, function, distribution},
  howpublished = {\url{http://math.stackexchange.com/questions/1073744/distinguishing-probability-measure-function-distribution}},
  note = {Accessed: 2017-04-05}
}

@misc{ONLINE-2,
  title = {Probability density function vs. probability mass function},
  howpublished = {\url{http://math.stackexchange.com/questions/23293/probability-density-function-vs-probability-mass-function}},
  note = {Accessed: 2017-04-05}
}

@misc{ONLINE-3,
  title = {Probability measure},
  howpublished = {\url{http://www.math.uah.edu/stat/prob/Probability.html}},
  note = {Accessed: 2017-04-05}
}
