@book{Goodfellow-et-al-2016,
    title={Deep Learning},
    author={Ian Goodfellow and Yoshua Bengio and Aaron Courville},
    publisher={MIT Press},
    note={\url{http://www.deeplearningbook.org}},
    year={2016}
}

@book{IPSUR-2010,
    title={Basics of Applied Stochastic Processes},
    author={Richard Serfozo, Georgia Institute of Technology},
    publisher={Springer-Verlag Berlin Heidelberg},
    year={2009}
}

@book{RP-Babatunde-2009,
    title={Random Phenomena: Fundamentals of Probability and Statistics for Engineers},
    author={Babatunde A. Ogunnaike},
    publisher={CRC Press},
    year={2009}
}
