@book{Goodfellow-et-al-2016,
    title={Deep Learning},
    author={Ian Goodfellow and Yoshua Bengio and Aaron Courville},
    publisher={MIT Press},
    note={\url{http://www.deeplearningbook.org}},
    year={2016}
}

@book{IPSUR-2010,
    title={Introduction to Probability and Statistics Using R},
    author={G. Jay Kerns, Youngstown State University},
    publisher={G. Jay Kerns},
    note={\url{http://ipsur.org/index.html}},
    year={2010}
}

@book{RP-Babatunde-2009,
    title={Random Phenomena: Fundamentals of Probability and Statistics for Engineers},
    author={Babatunde A. Ogunnaike},
    publisher={CRC Press},
    year={2009}
}

@misc{ wiki:SampleSpace,
  author = "Wikipedia",
  title = "Sample space",
  year = "2017",
  url = "https://en.wikipedia.org/wiki/Sample_space#Multiple_sample_spaces",
  note = "[Online; accessed 21-March-2017]"
}
