@book{Goodfellow-et-al-2016,
    title={Deep Learning},
    author={Ian Goodfellow and Yoshua Bengio and Aaron Courville},
    publisher={MIT Press},
    note={\url{http://www.deeplearningbook.org}},
    year={2016}
}

@book{IPSUR-2010,
    title={Introduction to Probability and Statistics Using R},
    author={G. Jay Kerns, Youngstown State University},
    publisher={G. Jay Kerns},
    note={\url{http://ipsur.org/index.html}},
    year={2010}
}

@book{RP-Babatunde-2009,
    title={Random Phenomena: Fundamentals of Probability and Statistics for Engineers},
    author={Babatunde A. Ogunnaike},
    publisher={CRC Press},
    year={2009}
}

@misc{ONLINE-1,
  title = {WIKI, First Principles},
  howpublished = {\url{https://en.wikipedia.org/wiki/First_principle}},
  note = {Accessed: 2017-04-15}
}

@misc{ONLINE-2,
  title = {WIKI, Conditional Expectation, Formal Def},
  howpublished = {\url{https://en.wikipedia.org/wiki/Conditional_expectation}},
  note = {Accessed: 2017-04-16}
}

@misc{ONLINE-3,
  title = {WIKI, Sigma algebra and random variable},
  howpublished = {\url{https://en.wikipedia.org/wiki/Sigma-algebra}},
  note = {Accessed: 2017-04-16}
}
